% For online sources, can follow the following example.
% Note that wrapping text with an extra {} makes it verbatim in the reference output.
% For example, titles are normally in sentence-casing no matter what you put in here, but if you add {{IEEE Code of Ethics}} instead of {IEEE Code of Ethics} it comes out as "IEEE Code of Ethics" instead of Ieee Code of Ethics.

@INPROCEEDINGS{
mmfashion,
  title={{MMFashion: An Open-Source Toolbox for Visual Fashion Analysis}},
  author={Liu, Xin and Li, Jiancheng and Wang, Jiaqi and Liu, Ziwei},
  booktitle={{ACM Multimedia 2021, Open Source Software Competition}},
  year={2021},
}
@ARTICLE{7890387,
  author={Li, Yuncheng and Cao, Liangliang and Zhu, Jiang and Luo, Jiebo},
  journal={IEEE Transactions on Multimedia}, 
  title={Mining Fashion Outfit Composition Using an End-to-End Deep Learning Approach on Set Data}, 
  year={2017},
  volume={19},
  number={8},
  pages={1946-1955},
  doi={10.1109/TMM.2017.2690144}}
@online{
    ieee-ethics,
    author = {IEEE},
    title = {{"IEEE Code of Ethics"}},
    year = {2016},
    url = {https://www.ieee.org/about/corporate/governance/p7-8.html},
    urldate = {2020-02-08},
}
@online{
    acm-ethics,
    author = {ACM},
    title = {{ACM Code of Ethics and Professional Conduct}},
    year = {2018},
    url = {https://www.acm.org/code-of-ethics},
    urldate = {2022-03-09},
}
